%% LaTeX2e file `literatur.bib'
%% generated by the `filecontents' environment
%% from source `Seitlinge' on 2014/07/06.
%%
@Electronic{faktenuber,
  Title                    = {Fakten über Seitlinge},
  Author                   = {fakten-uber.de},
  Url                      = {http://fakten-uber.de/seitlinge},
  Keywords                 = {faktenuber},
  Note                     = {Navigation: Suche, Seitlinge},
  Owner                    = {Benedikt},
  Urldate       = {2014-07-05}
}
@Electronic{pilzech,
 Title     = {Pilzbestimmung Pleurotus},
 Author     = {www.pilze.ch},
 Url      = {http://www.pilze.ch/pilzbestimmung/artenlisten/Pleurotus.htm},
 Keywords    = {pilze.ch},
 Note     = {Navigation: Hauptseite, Pilzbestimmung, Gattungen und Arten, Pleurotus},
 Urldate     = {2014-07-05}
}
@Electronic{pg_austernseitling,
 Title     = {Pilzgalerie Austernseitling},
 Author     = {www.123pilze.de},
 Url      = {http://www.123pilze.de/DreamHC/Download/Austernseitling1105.htm},
 Keywords    = {www.123pilze.de},
 Note     = {Navigation: Hauptseite, Pilze nach Alphabet geordnet, Austernseitling},
 Urldate     = {2014-07-05}
}
@Electronic{vital,
 Title     = {Vitalpilzratgeber},
 Author     = {www.vitalpilzratgeber.de},
 Url      = {http://www.vitalpilzratgeber.de/pleurotus/},
 Keywords    = {www.vitalpilzratgeber.de},
 Note     = {Navigation: Hauptseite, Pleurotus},
 Urldate     = {2014-07-05}
}
@Electronic{pg_ohrfoermig,
 Title     =  {Pilzgalerie Ohrförmiger Seitling},
 Author     = {www.123pilze.de},
 Url      = {http://www.123pilze.de/DreamHC/Download/OhrfoermigerSeitling.htm},
 Keywords    = {www.123pilze.de},
 Note     = {Navigation: Hauptseite, Pilze nach Alphabet geordnet, Ohrförmiger Seitling},
 Urldate     = {2014-07-06}
}
@Online{deutschlandradio,
 Title     =  {Speisepilz wird Giftpilz},
 Author     = {Udo Pollmer},
 month = jun,
 year = {2008},
 Url      = {http://www.deutschlandradiokultur.de/speisepilz-wird-giftpilz.993.de.html?dram:article_id=154417},
 Keywords    = {www.deutschlandradiokultur.de},
 Note     = {Navigation: Hauptseite, Suche nach \emph{Speisepilz wird Giftpilz}, Ohrförmiger Seitling},
 Urldate     = {2014-07-06}
}
@Electronic{tintling_auster,
 Title     =  {Austernseitling \emph{Pleurotus ostreatus}},
 Author     = {www.tintling.com},
 Url      = {http://tintling.com/pilzbuch/arten/p/Pleurotus_ostreatus.html},
 Keywords    = {www.tintling.com},
 Note     = {Navigation: Hauptseite, Pilzbuch, Gattungen, Pleurotus,  Pleurotus ostreatus},
 Urldate     = {2014-07-06}
}
@online{pilzfinder_austernseitling_image,
 Title     = {Austernseitling},
 Author     = {Jürgen Mathes},
 Url      = {http://www.pilzfinder.de/highlight/auster2.jpg},
 Keywords    = {www.pilzfinder.de},
 Note     = {Navigation: Hauptseite, Pilze von A -- Z, Austernseitling, oberstes Bild},
 month = jan,
year = {2012},
day = {1},
 Urldate     = {2014-07-06}
}
